@article{Novikov2019,
    doi         = {10.21105/joss.01230},
    url         = {https://doi.org/10.21105/joss.01230},
    year        = 2019,
    month       = {apr},
    publisher   = {The Open Journal},
    volume      = {4},
    number      = {36},
    pages       = {1230},
    author      = {Andrei Novikov},
    title       = {{PyClustering}: Data Mining Library},
    journal     = {Journal of Open Source Software}
}

@misc{arik2020tabnet,
      title={TabNet: Attentive Interpretable Tabular Learning}, 
      author={Sercan O. Arik and Tomas Pfister},
      year={2020},
      eprint={1908.07442},
      archivePrefix={arXiv},
      primaryClass={cs.LG}
}